<record><leader>00000cas a22000007a 4500</leader><controlfield tag="001">22743093</controlfield><controlfield tag="008">901127d193u1942arudn ne      0    0eng d</controlfield><datafield ind1=" " ind2=" " tag="010"><subfield code="a">sn 90050335 </subfield></datafield><datafield ind1=" " ind2=" " tag="040"><subfield code="a">ANU</subfield><subfield code="b">eng</subfield><subfield code="c">ANU</subfield><subfield code="d">OCLCQ</subfield><subfield code="d">OCLCF</subfield><subfield code="d">OCLCO</subfield></datafield><datafield ind1="1" ind2=" " tag="029"><subfield code="a">AU@</subfield><subfield code="b">000025848333</subfield></datafield><datafield ind1=" " ind2=" " tag="042"><subfield code="a">msc</subfield></datafield><datafield ind1=" " ind2=" " tag="043"><subfield code="a">n-us-ar</subfield></datafield><datafield ind1="0" ind2="0" tag="245"><subfield code="a">Wynne daily star-progress.</subfield></datafield><datafield ind1=" " ind2=" " tag="260"><subfield code="a">Wynne, Ark. :</subfield><subfield code="b">Cross County Print. Co.</subfield></datafield><datafield ind1=" " ind2=" " tag="300"><subfield code="a">v.</subfield></datafield><datafield ind1=" " ind2=" " tag="310"><subfield code="a">Daily (except Sunday)</subfield></datafield><datafield ind1="0" ind2=" " tag="362"><subfield code="a">Vol. 38, no. 33 (June 10, 1936)-</subfield></datafield><datafield ind1="1" ind2=" " tag="362"><subfield code="a">Ceased in 1942.</subfield></datafield><datafield ind1=" " ind2=" " tag="500"><subfield code="a">Published weekly during June, 1942.</subfield></datafield><datafield ind1=" " ind2="0" tag="651"><subfield code="a">Wynne (Ark.)</subfield><subfield code="v">Newspapers.</subfield></datafield><datafield ind1=" " ind2="7" tag="655"><subfield code="a">Newspapers.</subfield><subfield code="2">fast</subfield><subfield code="0">(OCoLC)fst01423814</subfield></datafield><datafield ind1=" " ind2="7" tag="651"><subfield code="a">Arkansas</subfield><subfield code="z">Wynne.</subfield><subfield code="2">fast</subfield><subfield code="0">(OCoLC)fst01217789</subfield></datafield><datafield ind1=" " ind2=" " tag="752"><subfield code="a">United States</subfield><subfield code="b">Arkansas</subfield><subfield code="c">Cross</subfield><subfield code="d">Wynne.</subfield></datafield><datafield ind1="0" ind2=" " tag="775"><subfield code="t">Wynne progress</subfield><subfield code="w">(DLC)sn 90050211</subfield></datafield><datafield ind1="0" ind2="0" tag="780"><subfield code="t">Daily star-progress</subfield><subfield code="w">(DLC)sn 90050336</subfield></datafield></record>